<?xml version="1.0" encoding="UTF-8"?><collection xmlns="http://www.loc.gov/MARC21/slim"><record><leader>00579nam--2200205-u-4500</leader><controlfield tag="001">000055267</controlfield><controlfield tag="002">20161230</controlfield><controlfield tag="005">20170125231731</controlfield><controlfield tag="008">121206s1000------------r-----000-0-rus-d</controlfield><datafield ind1=" " ind2=" " tag="040"><subfield code="a">IFIN-HH</subfield></datafield><datafield ind1=" " ind2=" " tag="041"><subfield code="a">rus</subfield></datafield><datafield ind1=" " ind2=" " tag="080"><subfield code="a">539.21</subfield></datafield><datafield ind1="1" ind2=" " tag="100"><subfield code="a">Ratajczak, H</subfield></datafield><datafield ind1="1" ind2="0" tag="245"><subfield code="a">Molekuliarnie vzaimodeistvia</subfield><subfield code="c">H. Ratajczak, W.J. Orville-Thomas (eds.)</subfield></datafield><datafield ind1=" " ind2=" " tag="260"><subfield code="a">Moskva</subfield><subfield code="b">Mir</subfield><subfield code="c">1984</subfield></datafield><datafield ind1=" " ind2=" " tag="300"><subfield code="a">598 p</subfield></datafield><datafield ind1=" " ind2=" " tag="500"><subfield code="a">Titlul Original In Limba Engleza: Molecular Interactions Volume 2</subfield></datafield><datafield ind1="1" ind2=" " tag="700"><subfield code="a">Orville-Thomas, W. J</subfield><subfield code="e">ed</subfield></datafield><datafield ind1=" " ind2=" " tag="852"><subfield code="a">72164</subfield><subfield code="c">539.21</subfield></datafield><datafield ind1=" " ind2=" " tag="CAT"><subfield code="a">SYS</subfield><subfield code="c">20170125</subfield><subfield code="h">231731</subfield></datafield></record></collection>